<record xmlns:xsi="http://www.w3.org/2001/XMLSchema-instance" xmlns="http://www.loc.gov/MARC21/slim" xsi:schemaLocation="http://www.loc.gov/MARC21/slim http://www.loc.gov/standards/marcxml/schema/MARC21slim.xsd">

  <leader>00980nam a2200217Ia 4500</leader>
  <datafield tag="999" ind1=" " ind2=" ">
    <subfield code="c">1022</subfield>
    <subfield code="d">1022</subfield>
  </datafield>
  <controlfield tag="008">180403b1993    cr ||||| |||| 00| | spa d</controlfield>
  <datafield tag="020" ind1=" " ind2=" ">
    <subfield code="a">9977672113</subfield>
  </datafield>
  <datafield tag="090" ind1=" " ind2=" ">
    <subfield code="a">06.02.04 </subfield>
    <subfield code="b">75</subfield>
  </datafield>
  <datafield ind1="1" tag="100" ind2=" ">
    <subfield code="a">Rojas Porras, Marta</subfield>
    <subfield code="9">108</subfield>
  </datafield>
  <datafield ind2="0" tag="245" ind1="1">
    <subfield code="a">Conocimiento, participación y cambio: tiempo en el aula / </subfield>
    <subfield code="c">Marta Rojas Porras, Nidia García Lizano,  Margarita Brenes Fonseca</subfield>
  </datafield>
  <datafield ind2=" " tag="260" ind1=" ">
    <subfield code="a">San José, Costa Rica : </subfield>
    <subfield code="b">Editorial de la Universidad de Costa Rica, </subfield>
    <subfield code="c">1993</subfield>
  </datafield>
  <datafield ind2=" " tag="300" ind1=" ">
    <subfield code="a">101 páginas</subfield>
  </datafield>
  <datafield ind2=" " tag="500" ind1=" ">
    <subfield code="a">La Unidad de información tiene también de la  Serie Conocimiento, Participación y Cambio los siguientes títulos :  Espacio en el aula, Capacitación de docentes, Comportamiento en el aula y Tratamiento del contenido en el aula</subfield>
  </datafield>
  <datafield ind2="4" tag="650" ind1="1">
    <subfield code="a">PLANIFICACIÓN DE LA EDUCACIÓN</subfield>
    <subfield code="9">124</subfield>
  </datafield>
  <datafield ind1="1" tag="650" ind2="4">
    <subfield code="a">CAPACITACIÓN</subfield>
    <subfield code="9">729</subfield>
  </datafield>
  <datafield ind2="4" tag="650" ind1="1">
    <subfield code="a">CONOCIMIENTO</subfield>
    <subfield code="9">42</subfield>
  </datafield>
  <datafield ind2="4" tag="650" ind1="1">
    <subfield code="a">FORMACIÓN DE DOCENTES</subfield>
    <subfield code="9">9</subfield>
  </datafield>
  <datafield ind2="4" ind1="1" tag="650">
    <subfield code="a">APRENDIZAJE </subfield>
    <subfield code="9">387</subfield>
  </datafield>
  <datafield tag="700" ind1="1" ind2=" ">
    <subfield code="a">García Lizano, Nidia</subfield>
    <subfield code="9">107</subfield>
  </datafield>
  <datafield ind1="1" tag="700" ind2=" ">
    <subfield code="a">Brenes Fonseca, Margarita</subfield>
    <subfield code="9">510</subfield>
  </datafield>
  <datafield ind1=" " tag="942" ind2=" ">
    <subfield code="2">z</subfield>
    <subfield code="c">01</subfield>
  </datafield>
</record>